@abstract{David,
    author = "David Chappelle",
    title = "{Introducing Azure Machine Learning}",
    addendum = "",
    keywords = "ML"
}

@book{dirac,
    title = {Python Data Science Handbook},
    author = {Paul Adrien Maurice Dirac},
    isbn = {9780198520115},
    series = {International series of monographs on physics},
    year = {1981},
    publisher = {Clarendon Press},
    keywords = {physics}
}

@online{GIGO,
    author = "",
    title = "",
    url  = "https://marketbusinessnews.com/financial-glossary/gigo-garbage-in-garbage-out/",
    addendum = "",
    keywords = "latex,GIGO"
}

@online{PYPL,
    author = "",
    title = "",
    url  = "http://pypl.github.io/PYPL.html",
    addendum = "",
    keywords = "PYPL,Python"
}


@inbook{knuth-fa,
    author = "Donald E. Knuth",
    title = "Fundamental Algorithms",
    publisher = "Addison-Wesley",
    year = "1973",
    chapter = "1.2",
    keywords  = "knuth,programming"
}