@article{einstein,
    author = "Albert Einstein",
    title = "{Zur Elektrodynamik bewegter K{\"o}rper}. ({German})
    [{On} the electrodynamics of moving bodies]",
    journal = "Annalen der Physik",
    volume = "322",
    number = "10",
    pages = "891--921",
    year = "1905",
    DOI = "http://dx.doi.org/10.1002/andp.19053221004",
    keywords = "physics"
}

@book{Python,
    title = {Python Data Science Handbook},
    author = {Jake VanderPlas},
    isbn = {},
    series = {},
    year = {November 2016},
    publisher = {O'Reilly Media},
    keywords = {Python}
    
    
}

@online{Colab,
    author = "",
    title = "",
    url  = "https://colab.research.google.com/notebooks/intro.ipynb#scrollTo=-Rh3-Vt9Nev9",
    addendum = "",
    keywords = "GPU,Colab"
}

@online{Kaggle,
    author = "",
    title = "",
    url  = "https://www.kaggle.com/",
    addendum = "",
    keywords = "GPU,Kaggle"
}

@online{Medium_GPU,
    author = "",
    title = "",
    url  = "https://medium.com/deep-learning-turkey/google-colab-free-gpu-tutorial-e113627b9f5d",
    addendum = "",
    keywords = "GPU,medium"
    
}

@online{Paperwithcode,
    author = "",
    title = "",
    url  = "https://paperswithcode.com/",
    addendum = "",
    keywords = "paper,code"
    
}

@online{MLE,
    author = "",
    title = "",
    url  = "https://github.com/trekhleb/machine-learning-experiments",
    addendum = "",
    keywords = "MLE,Github"
}


@inbook{knuth-fa,
    author = "Donald E. Knuth",
    title = "Fundamental Algorithms",
    publisher = "Addison-Wesley",
    year = "1973",
    chapter = "1.2",
    keywords  = "knuth,programming"
}